<?xml version="1.0" encoding="UTF-8"?><collection><record><leader>07651ntm a2200745 a 4500</leader><controlfield tag="001">006813995</controlfield><controlfield tag="003">MiAaHDL</controlfield><controlfield tag="005">20190719000000.0</controlfield><controlfield tag="006">m        d        </controlfield><controlfield tag="007">cr bn ---auaua</controlfield><controlfield tag="008">090608s17uu    xx            00| ||ota d</controlfield><datafield tag="035" ind1=" " ind2=" "><subfield code="a">(MiU)006813995</subfield></datafield><datafield tag="035" ind1=" " ind2=" "><subfield code="a">sdr-miu006813995</subfield></datafield><datafield tag="040" ind1=" " ind2=" "><subfield code="a">MiU</subfield><subfield code="c">MiU</subfield><subfield code="e">amremm</subfield></datafield><datafield tag="041" ind1="0" ind2=" "><subfield code="a">ota</subfield><subfield code="a">ara</subfield></datafield><datafield tag="043" ind1=" " ind2=" "><subfield code="a">n-us-mi</subfield><subfield code="a">a-tu---</subfield></datafield><datafield tag="100" ind1="0" ind2=" "><subfield code="6">880-01</subfield><subfield code="a">Ali Efendi,</subfield><subfield code="c">Çatalcalı,</subfield><subfield code="d">1631 or 1632-1692.</subfield></datafield><datafield tag="245" ind1="1" ind2="0"><subfield code="6">880-03</subfield><subfield code="a">[Fetava-yi Ali Efendi...etc.,</subfield><subfield code="f">18th century?].</subfield></datafield><datafield tag="246" ind1="3" ind2=" "><subfield code="i">Edge title (tail):</subfield><subfield code="a">فتاواى على افندى</subfield></datafield><datafield tag="260" ind1=" " ind2=" "><subfield code="c">[17--?].</subfield></datafield><datafield tag="300" ind1=" " ind2=" "><subfield code="a">259 leaves :</subfield><subfield code="b">paper ;</subfield><subfield code="c">300 x 185 (197 x 85) mm. bound to 308 x 195 mm.</subfield></datafield><datafield tag="500" ind1=" " ind2=" "><subfield code="a">Shelfmark: Ann Arbor, University of Michigan, Special Collections Library, Isl. Ms. 683</subfield></datafield><datafield tag="500" ind1=" " ind2=" "><subfield code="a">Origin: Lacks dated colophon ; paper, etc. suggests 18th century.</subfield></datafield><datafield tag="500" ind1=" " ind2=" "><subfield code="a">Accompanying materials: a. Acquisitions slip from Yahuda -- b. Inventory cataloguing slip in hand of Winifred Smeaton Thomas.</subfield></datafield><datafield tag="500" ind1=" " ind2=" "><subfield code="a">Former shelfmark: From verso of front flyleaf "IL 362" (likely supplied by Yahuda, see acquisitions slip).</subfield></datafield><datafield tag="500" ind1=" " ind2=" "><subfield code="a">Binding: Boards covered in dark purple cloth with black leather over spine (quarter binding) ; Western style binding ; pastedowns and flyleaves in paper printed with floral / landscape design in shades of blue, tan, olive green, and white ; upper and lower covers carry embossed central ornament (oval scrollwork design) ; raised bands on spine, accented with stamped (turquoise-colored onlays) bands and floral motifs ; sewn in white thread, five stations, stab sewn as well ; stuck-on endbands in black and yellow ; overall in fairly good condition with minor abrasion and staining.</subfield></datafield><datafield tag="500" ind1=" " ind2=" "><subfield code="a">Support: European laid paper with 11 laid lines per cm. (horizontal), chain lines spaced 22-24 mm. apart (vertical), and watermarks of crown above grapes (see p.20, 24, etc.) alternating with "P S" (see p.22, 26, etc.), thin though sturdy, well-burnished, dark cream to beige in color ; some foxing, staining and tide lines.</subfield></datafield><datafield tag="500" ind1=" " ind2=" "><subfield code="a">Decoration: Illuminated headpiece (ʻunwān / sarlawḥ) at opening on p.10 consisting of rectangular piece with empty gold cartouche flanked by lavender floral motifs surmounted by scalloped semi-circular piece (dome) filled with swirling floral vegetal motifs in lavender, pink, salmon, white, etc. on a gold ground, entire piece surmounted by vertical stalks (tīgh) in blue and red and set in a well of pink with red accents ; written area of incipit and facing page surrounded by gold frame, elsewhere written area (including margin) surrounded by red rule-border ; keywords, section headings and abbreviation symbols (mainly two-teeth stroke over keywords) rubricated ; grid of table of contents outlined in red ; textual dividers in the form of gold discs on incipit and facing page ; overlining in red.</subfield></datafield><datafield tag="500" ind1=" " ind2=" "><subfield code="a">Script: Nastaʻlīq (talik) ; two elegant Turkish hands ; opening two works in an elegant nastaʻlīq (talik), characteristically serifless with effect of tilt to the right and of words descending to baseline, elongation of horizontal strokes, letterforms characteristic of nastaʻlīq (talik) ; final work in another nastaʻlīq (talik) similar to the first hand but with greater effect of words descending to baseline, thicker line and exaggerated thickness of horizontal strokes.</subfield></datafield><datafield tag="500" ind1=" " ind2=" "><subfield code="a">Layout: Written in 29 lines per page ; frame-ruled.</subfield></datafield><datafield tag="500" ind1=" " ind2=" "><subfield code="a">Collation: i, IV (8), V (18), V+1 (29), 23 V(259), i ; chiefly quinions ; fol.110-111 and 112-113 bound in reverse order ; catchwords present ; foliation in black ink, Hindu-Arabic numerals ; pagination in pencil, Western numerals (includes flyleaves).</subfield></datafield><datafield tag="500" ind1=" " ind2=" "><subfield code="a">Incipit: [Fetava-yi Ali Efendi] "الحمد لله رب العالمين والصلوة والسلام على سيدنا محمد واله كتاب الطيبين الطاهرين الطهارة [الطيبين الطاهرين كتاب الطهارة] زيد جنب ايكن ذكر وتسبيح والصلوة على النبى ايتمك جائز اولورمى الجواب اولور ..." ; [Tarjīḥ al-bayānāt] ; "الحمد لله عظيم البرهان وعميم الاحسان ... فان افقر عباد الله السبحان عبد السيد الرحمن بن سليمان الشهير بخصالى بين الاجناب والاخوان قد اختصر هذا الرسالة بحسب الامكان في الكتب المعتبرة البيان ..." ; [Maruzat-ı Ebussuud] "الحمد لله رب العالمين والصلوة والسلام على سيدنا خاتم النبيين وعلى اله وصحبه اجمعين اما بعد سعادتلى وفضيلتلى ومروتلى سلطانم حضرتلرينه عرض داعى منشالرى بو در كه بوندن اقدم مرحوم سيخ الاسلام ... حضرت ابو السعود ..."</subfield></datafield><datafield tag="500" ind1=" " ind2=" "><subfield code="a">Title supplied by cataloguer.</subfield></datafield><datafield tag="500" ind1=" " ind2=" "><subfield code="a">Ms. codex.</subfield></datafield><datafield tag="505" ind1="0" ind2=" "><subfield code="a">7. p.519-520 : [assorted excerpts].</subfield></datafield><datafield tag="505" ind1="0" ind2=" "><subfield code="a">6. p.504-p.518 : [Maruzat-ı Ebussuud] / Ebussuud Efendi.</subfield></datafield><datafield tag="505" ind1="0" ind2=" "><subfield code="a">5. p.482-p.503 : Tarjīḥ al-bayānāt / ʻAbd al-Raḥmān ibn Sulaymān, al-shahīr bi-Khilāṣī.</subfield></datafield><datafield tag="505" ind1="0" ind2=" "><subfield code="a">4. p.478-p.481 : [blank].</subfield></datafield><datafield tag="505" ind1="0" ind2=" "><subfield code="a">3. p.10-p.477 : Fetava-yi Ali Efendi / Ali Efendi Çatalcalı.</subfield></datafield><datafield tag="505" ind1="0" ind2=" "><subfield code="a">2. p.8-p.9 : [blank].</subfield></datafield><datafield tag="505" ind1="0" ind2=" "><subfield code="a">1. p.3-p.7 : [added contents listing and table of contents].</subfield></datafield><datafield tag="510" ind1="4" ind2=" "><subfield code="a">Brit.Mus.cat.Turk.mss.,</subfield><subfield code="c">p.248</subfield></datafield><datafield tag="510" ind1="4" ind2=" "><subfield code="a">Ḥājjī Khalīfah. Kashf al-ẓunūn,</subfield><subfield code="c">iv 351</subfield></datafield><datafield tag="510" ind1="4" ind2=" "><subfield code="a">Brockelmann, C. GAL,</subfield><subfield code="c">II 438</subfield></datafield><datafield tag="510" ind1="4" ind2=" "><subfield code="a">Ḥājjī Khalīfah. Kashf al-ẓunūn,</subfield><subfield code="c">iv 363</subfield></datafield><datafield tag="520" ind1="8" ind2=" "><subfield code="a">Fine copy of the collection of legal decisions (fetvas) by Ali Efendi (d.1692), followed by Tarjīḥ al-bayānāt, a work of fiqh in Arabic by Hisâlî Abdurrahman Çelebî bin Süleyman bin Eyüp Sârûhânî (d.1676) and Maruzat-ı Ebussuud, a collection of legal decisions (fetvas) issued by Abū al-Suʻūd al-ʻImādī (Ebussuud Efendi, d.1574) and sanctioned by Sultan Süleyman I (r.1520-1566).</subfield></datafield><datafield tag="538" ind1=" " ind2=" "><subfield code="a">Mode of access: Internet.</subfield></datafield><datafield tag="541" ind1=" " ind2=" "><subfield code="a">Acquired in 1926 from the bookseller Isaac Benjamin S.E. Yahuda via purchase transacted on his behalf by Abraham Shalom Yahuda (1877-1951), his younger brother.</subfield></datafield><datafield tag="546" ind1=" " ind2=" "><subfield code="a">Ottoman Turkish and Arabic.</subfield></datafield><datafield tag="561" ind1=" " ind2=" "><subfield code="a">Extensive glosses ; occasional marginal corrections.</subfield></datafield><datafield tag="650" ind1=" " ind2="0"><subfield code="a">Manuscripts, Arabic</subfield><subfield code="z">Michigan</subfield><subfield code="z">Ann Arbor.</subfield></datafield><datafield tag="650" ind1=" " ind2="0"><subfield code="a">Manuscripts, Turkish</subfield><subfield code="z">Michigan</subfield><subfield code="z">Ann Arbor.</subfield></datafield><datafield tag="650" ind1=" " ind2="0"><subfield code="a">Islamic law</subfield><subfield code="z">Turkey</subfield><subfield code="v">Sources.</subfield></datafield><datafield tag="650" ind1=" " ind2="0"><subfield code="a">Islamic law</subfield><subfield code="x">Interpretation and construction</subfield><subfield code="v">Early works to 1800.</subfield></datafield><datafield tag="650" ind1=" " ind2="0"><subfield code="a">Fatwas</subfield><subfield code="v">Early works to 1800.</subfield></datafield><datafield tag="655" ind1=" " ind2="7"><subfield code="a">Headpieces (layout features)</subfield><subfield code="y">18th century.</subfield><subfield code="2">aat</subfield></datafield><datafield tag="700" ind1="0" ind2="2"><subfield code="6">880-05</subfield><subfield code="a">Abū al-Saʻūd Muḥammad ibn Muḥammad,</subfield><subfield code="d">1492 or 1493-1574 or 1575.</subfield><subfield code="t">Maruzat-ı Ebussuud.</subfield></datafield><datafield tag="700" ind1="0" ind2="2"><subfield code="6">880-04</subfield><subfield code="a">Hisâlî Abdurrahman Çelebî bin Süleyman bin Eyüp Sârûhânî,</subfield><subfield code="d">d. 1676.</subfield><subfield code="t">Tarjīḥ al-bayānāt.</subfield></datafield><datafield tag="740" ind1="0" ind2="2"><subfield code="a">Fetava-yi Ebussuud</subfield></datafield><datafield tag="740" ind1="0" ind2="2"><subfield code="a">Maʻrūḍāt</subfield></datafield><datafield tag="773" ind1="0" ind2=" "><subfield code="a">Yahuda Collection.</subfield></datafield><datafield tag="880" ind1="0" ind2="2"><subfield code="6">700-05/</subfield><subfield code="a">ابو السعود محمد بن محمد.</subfield><subfield code="t">معروضات ابو السعود.</subfield></datafield><datafield tag="880" ind1="0" ind2="2"><subfield code="6">700-04/</subfield><subfield code="a">خصالى عبد الرحمن چلبى بن سليمان بن ايوب صاروخانى.</subfield><subfield code="t">ترجيح البيانات.</subfield></datafield><datafield tag="880" ind1="1" ind2="0"><subfield code="6">245-03/</subfield><subfield code="a">[فتاواى على افندى ... الخ,</subfield><subfield code="f">القرن 18م؟].</subfield></datafield><datafield tag="880" ind1="0" ind2=" "><subfield code="6">100-01/</subfield><subfield code="a">على افندى</subfield><subfield code="c">چاتالجه لو.</subfield></datafield><datafield tag="CID" ind1=" " ind2=" "><subfield code="a">006813995</subfield></datafield><datafield tag="DAT" ind1="0" ind2=" "><subfield code="a">20190719102638.0</subfield><subfield code="b">20190719000000.0</subfield></datafield><datafield tag="DAT" ind1="1" ind2=" "><subfield code="a">20190719090653.0</subfield><subfield code="b">2019-07-19T16:12:01Z</subfield></datafield><datafield tag="DAT" ind1="2" ind2=" "><subfield code="a">2015-10-02T18:00:03Z</subfield></datafield><datafield tag="CAT" ind1=" " ind2=" "><subfield code="a">SDR-MIU</subfield><subfield code="d">EX LIBRIS - ALEPH</subfield><subfield code="l">prepare.pl-004-008</subfield></datafield><datafield tag="FMT" ind1=" " ind2=" "><subfield code="a">BK</subfield></datafield><datafield tag="HOL" ind1=" " ind2=" "><subfield code="0">sdr-miu006813995</subfield><subfield code="a">MiU</subfield><subfield code="b">SDR</subfield><subfield code="c">MIU</subfield><subfield code="p">mdp.39015079128644</subfield><subfield code="s">MIU</subfield><subfield code="1">006813995</subfield></datafield><datafield tag="974" ind1=" " ind2=" "><subfield code="b">MIU</subfield><subfield code="c">MIU</subfield><subfield code="d">20190719</subfield><subfield code="s">lit-dlps-dc</subfield><subfield code="u">mdp.39015079128644</subfield><subfield code="y">1799</subfield><subfield code="r">pd</subfield><subfield code="q">bib</subfield><subfield code="t">non-US bib date1 &lt; 1879</subfield></datafield></record></collection>